<?xml version="1.0" encoding="UTF-8"?><collection xmlns="http://www.loc.gov/MARC21/slim"><record><leader>00415nam--2200145-i-4500</leader><controlfield tag="001">000007981</controlfield><controlfield tag="002">20161230</controlfield><controlfield tag="005">20161230201027</controlfield><controlfield tag="008">060222s1000------------r-----000-0-eng-d</controlfield><datafield ind1=" " ind2=" " tag="080"><subfield code="a">517.512.2</subfield></datafield><datafield ind1=" " ind2=" " tag="100"><subfield code="a">Churchill, Ruel V</subfield></datafield><datafield ind1=" " ind2=" " tag="245"><subfield code="a">Fourier series and boundary value problems. 2nd edition</subfield></datafield><datafield ind1=" " ind2=" " tag="260"><subfield code="a">New York, Mcgraw-hill Book Co., 1963. Viii + 248 P</subfield></datafield><datafield ind1=" " ind2=" " tag="852"><subfield code="a">25692</subfield><subfield code="c">517.5</subfield></datafield><datafield ind1=" " ind2=" " tag="CAT"><subfield code="a">Sys</subfield><subfield code="c">20080804</subfield><subfield code="h">085526</subfield></datafield></record></collection>